@misc{uci2020deepfakes,
  author       = {Shan, Siwei and Liu, Yitong and Ding, Yuting and Li, Jiaming and Liu, Haoran and Yu, Philip S. and Shah, Neil},
  title        = {Deepfakes: Medical Image Tamper Detection (CT-GAN)},
  howpublished = {\url{https://archive.ics.uci.edu/dataset/520/deepfakes+medical+image+tamper+detection}},
  year         = {2020},
  note         = {Accessed: 2025-05-14}
}

@article{yetis2024,
  author    = {U\u{g}ur Yeti\c{s} and Halil \c{S}afak \c{C}e\c{c}en},
  title     = {A New Approach for Effective Medical Deepfake Detection in Medical Images},
  journal   = {IEEE Access},
  year      = {2024},
  volume    = {12},
  pages     = {1--11},
  doi       = {10.1109/ACCESS.2024.10495039}
}