@misc{uci2020deepfakes,
  author       = {Shan, Siwei and Liu, Yitong and Ding, Yuting and Li, Jiaming and Liu, Haoran and Yu, Philip S. and Shah, Neil},
  title        = {Deepfakes: Medical Image Tamper Detection (CT-GAN)},
  howpublished = {\href{https://archive.ics.uci.edu/dataset/520/deepfakes+medical+image+tamper+detection}{Disponible en l√≠nea}},
  year         = {2020},
  note         = {Accessed: 2025-05-14}
}

@article{yetis2024,
  author    = {U\u{g}ur Yeti\c{s} and Halil \c{S}afak \c{C}e\c{c}en},
  title     = {A New Approach for Effective Medical Deepfake Detection in Medical Images},
  journal   = {IEEE Access},
  year      = {2024},
  volume    = {12},
  pages     = {1--11},
  doi       = {10.1109/ACCESS.2024.10495039},
  url       = {https://ieeexplore.ieee.org/abstract/document/10495039/}
}

@article{solaiyappan2022,
  author    = {S. Solaiyappan and Y.-X. Wen},
  title     = {Machine learning based medical image deepfake detection: A comparative study},
  journal   = {Machine Learning with Applications},
  volume    = {8},
  year      = {2022},
  pages     = {100298},
  doi       = {10.1016/j.mlwa.2022.100298},
  publisher = {Elsevier},
  url       = {https://doi.org/10.1016/j.mlwa.2022.100298}

    
}

@incollection{sharafudeen2022,
  author="Sharafudeen, Misaj and Vinod Chandra, S. S.",
editor="El Gayar, Neamat and Trentin, Edmondo and Ravanelli, Mirco and Abbas, Hazem",
title="Medical Deepfake Detection using 3-Dimensional Neural Learning",
booktitle="Artificial Neural Networks in Pattern Recognition",
year="2023",
publisher="Springer International Publishing",
address="Cham",
pages="169--180",
url = {https://doi.org/10.1007/978-3-031-20650-4_14}
}

@article{albahli2023,
  author    = {Saleh Albahli and Marriam Nawaz},
  title     = {MedNet: Medical deepfakes detection using an improved deep learning approach},
  journal   = {Multimedia Tools and Applications},
  volume    = {83},
  number    = {16},
  pages     = {48357--48375},
  year      = {2024},
  doi       = {10.1007/s11042-023-17562-5},
  url       = {https://doi.org/10.1007/s11042-023-17562-5},
  issn      = {1573-7721}
}
